<?xml version="1.0" encoding="UTF-8"?><record xmlns="http://www.loc.gov/MARC21/slim" xmlns:cinclude="http://apache.org/cocoon/include/1.0" xmlns:zs="http://www.loc.gov/zing/srw/">
  <leader>00594cz  a2200157n  4500</leader>
  <controlfield tag="001">n 2004063340</controlfield>
  <controlfield tag="003">DLC</controlfield>
  <controlfield tag="005">20040610083434.0</controlfield>
  <controlfield tag="008">040610n| acannaabn          |a aaa      </controlfield>
  <datafield tag="010" ind1=" " ind2=" ">
    <subfield code="a">n 2004063340</subfield>
  </datafield>
  <datafield tag="040" ind1=" " ind2=" ">
    <subfield code="a">DLC</subfield>
    <subfield code="b">eng</subfield>
    <subfield code="c">DLC</subfield>
  </datafield>
  <datafield tag="100" ind1="1" ind2=" ">
    <subfield code="a">Kane, Dixie,</subfield>
    <subfield code="d">1937-</subfield>
  </datafield>
  <datafield tag="500" ind1="1" ind2=" ">
    <subfield code="w">nnnc</subfield>
    <subfield code="a">Kay, Linda,</subfield>
    <subfield code="d">1937-</subfield>
  </datafield>
  <datafield tag="663" ind1=" " ind2=" ">
    <subfield code="a">Works by this author are entered under the named used in the item. For a listing of other names used by this author, search also under</subfield>
    <subfield code="b">Kay, Linda, 1937-</subfield>
  </datafield>
  <datafield tag="670" ind1=" " ind2=" ">
    <subfield code="a">Kay, Dixie. Making merry, c2003:</subfield>
    <subfield code="b">t.p. (Dixie Kane)</subfield>
  </datafield>
  <datafield tag="670" ind1=" " ind2=" ">
    <subfield code="a">www.slake.com</subfield>
    <subfield code="b">(Dixie Kane aka Linda Kay, Linda Lewis)</subfield>
  </datafield>
</record>